<record xmlns='http://www.loc.gov/MARC21/slim'><leader>01275ntm a2200325 i 4500</leader><controlfield tag='001'>991058289865206011</controlfield><controlfield tag='005'>20220331112038.0</controlfield><controlfield tag='008'>220323q16001650ne            000 0 eng d</controlfield><datafield ind1=' ' ind2=' ' tag='035'><subfield code='a'>(OCoLC)1305030843h</subfield></datafield><datafield ind1=' ' ind2=' ' tag='035'><subfield code='a'>(OCoLC)on1305030843h</subfield></datafield><datafield ind1=' ' ind2=' ' tag='040'><subfield code='a'>HRH</subfield><subfield code='b'>eng</subfield><subfield code='e'>dcrmmss</subfield><subfield code='c'>HRH</subfield></datafield><datafield ind1=' ' ind2=' ' tag='041'><subfield code='a'>lat</subfield></datafield><datafield ind1=' ' ind2=' ' tag='049'><subfield code='a'>HRHH</subfield></datafield><datafield ind1=' ' ind2='9' tag='099'><subfield code='a'>MS 3327, Container 231</subfield></datafield><datafield ind1='0' ind2='0' tag='245'><subfield code='a'>Draft of addenda et supplenda ad librum XVI taciti and Finis Neronis et initium Galba</subfield><subfield code='k'>manuscript</subfield></datafield><datafield ind1=' ' ind2='0' tag='264'><subfield code='a'>Amsterdam ;</subfield><subfield code='c'>between 1600-1650</subfield></datafield><datafield ind1=' ' ind2=' ' tag='300'><subfield code='a'>1 volume (15 leaves) ;</subfield><subfield code='c'>35 x 24 cm</subfield></datafield><datafield ind1=' ' ind2=' ' tag='500'><subfield code='a'>Title from caption.</subfield></datafield><datafield ind1=' ' ind2=' ' tag='500'><subfield code='a'>Title devised by cataloger.</subfield></datafield><datafield ind1=' ' ind2=' ' tag='500'><subfield code='a'>Paginated 27-57.</subfield></datafield><datafield ind1='0' ind2=' ' tag='505'><subfield code='a'>Addenda et supplenda ad librum XVI taciti. -- Finis Neronis et initium Galba</subfield></datafield><datafield ind1=' ' ind2=' ' tag='590'><subfield code='a'>MS 3327, Container 231: Inside folder titled: &quot;Roman History VOT - 16&apos;. Finis Neronis et initium Galba is inserted after leaf 5, in a slightly later hand.</subfield></datafield><datafield ind1=' ' ind2='7' tag='655'><subfield code='a'>Translations.</subfield><subfield code='2'>rbgenr</subfield></datafield><datafield ind1='1' ind2=' ' tag='790'><subfield code='a'>Weinberger, Adam, $e seller.</subfield></datafield><datafield ind1='2' ind2=' ' tag='791'><subfield code='a'>Medieval and Early Modern Manuscripts Collection.</subfield></datafield><datafield ind1=' ' ind2=' ' tag='942'><subfield code='a'>18-02-004-P</subfield><subfield code='b'>MS 3327, Container 231</subfield></datafield><datafield ind1=' ' ind2=' ' tag='945'><subfield code='a'>blw</subfield></datafield><datafield ind1='2' ind2=' ' tag='979'><subfield code='a'>Medieval and Early Modern Manuscripts Collection.</subfield></datafield><datafield ind1='1' ind2=' ' tag='979'><subfield code='a'>Weinberger, Adam, $e seller.</subfield></datafield><datafield ind1=' ' ind2=' ' tag='994'><subfield code='a'>C0</subfield><subfield code='b'>HRH</subfield></datafield></record>
